@article{steinberg2018march,
  title={March Madness Model Meta-Analysis},
  author={Steinberg, Ross and Latif, Zane and Smith, Gary},
  year={2018}
}

@phdthesis{toutkoushian2011predicting,
  title={Predicting March Madness: A statistical evaulation of the men's NCAA basketball tournament},
  author={Toutkoushian, Emily},
  year={2011},
  school={The Ohio State University}
}