@article{szollHosi2012comparison,
  title={Comparison of six multiclass classifiers by 
  the use of different classification performance indicators},
  author={Sz{\"o}ll{\H{o}}si, D{\'a}niel and D{\'e}nes, 
  D{\'e}nes Lajos and Firtha, Ferenc and Kov{\'a}cs, Zolt{\'a}n and Fekete, Andr{\'a}s},
  journal={Journal of Chemometrics},
  volume={26},
  number={3-4},
  pages={76--84},
  year={2012},
  publisher={Wiley Online Library}
}